@book{北川本,
  author    = {北川博之},
  title     = {データベースシステム},
  edition   = {改訂2版},
  publisher = {オーム社},
  year      = {2020},
}

@book{吉川本,
  author    = {吉川正俊},
  title     = {データベースの基礎},
  publisher = {オーム社},
  year      = {2019},
}

@misc{DataVolumeOfAmazon,
  title        = {What is ecommerce? Definition, advantages and disadvantages of ecommerce websites and ecommerce business},
  author       = {{Amazon Inc.}},
  note         = {\url{https://sell.amazon.co.jp/learn/what-is-ecommerce}}
}

@misc{TransactionInAmazon,
  year         = {2021},
  author       = {{Amazon Inc.}},
  note         = {\url{https://press.aboutamazon.com/jp/news/中小企業支援/2021/10/amazon-中小規模の販売事業者様の販売状況を発表}}
}

@article{Bachman1969,
author = {Bachman, Charles W.},
title = {Data structure diagrams},
year = {1969},
publisher = {Association for Computing Machinery},
volume = {1},
number = {2},
journal = {ACM SIGMIS Database: the DATABASE for Advances in Information Systems},
pages = {4--10},
}

@article{Tsichritzis1976,
author = {Tsichritzis, D. C. and Lochovsky, F. H.},
title = {Hierarchical Data-Base Management: A Survey},
year = {1976},
publisher = {Association for Computing Machinery},
volume = {8},
number = {1},
journal = {ACM Computing Surveys},
pages = {105--123},
}

@inbook{Atkinson1994,
author = {Atkinson, Malcolm and Dewitt, David and Maier, David and Bancilhon, Francois and Dittrich, Klaus and Zdonik, Stanley},
title = {The object-oriented database system manifesto},
year = {1994},
publisher = {Morgan Kaufmann Publishers Inc.},
booktitle = {Readings in Database Systems (2nd Ed.)},
pages = {946--954},
}


@inproceedings{DeCandia2007,
author = {DeCandia, Giuseppe and Hastorun, Deniz and Jampani, Madan and Kakulapati, Gunavardhan and Lakshman, Avinash and Pilchin, Alex and Sivasubramanian, Swaminathan and Vosshall, Peter and Vogels, Werner},
title = {Dynamo: amazon's highly available key-value store},
year = {2007},
publisher = {Association for Computing Machinery},
booktitle = {Proceedings of Twenty-First ACM SIGOPS Symposium on Operating Systems Principles (SOSP 2007)},
pages = {205--220},
}

@misc{neo4j,
  title        = {What is a graph database},
  author       = {{neo4j}},
  note         = {\url{https://neo4j.com/docs/getting-started/graph-database/}}
}

@article{Codd1970,
author = {Codd, Edgar Frank},
title = {A relational model of data for large shared data banks},
year = {1970},
publisher = {Association for Computing Machinery},
volume = {13},
number = {6},
journal = {Communications of the ACM},
pages = {377--387},
}
